1953 2999
1091 19 1113 58 Ι
1165 8 1170 17 .

1060 122 1085 161 6

415 228 482 269 25.
525 230 611 270 Aut
636 243 720 280 vos,
751 230 818 286 qui
846 243 931 272 sero
957 232 1110 284 lapsum
1137 225 1336 286 rostatis,
1364 238 1489 290 amisi,

599 297 770 341 Quaerite
798 311 877 339 non
904 299 988 340 sani
1013 300 1177 352 pectoris
1205 303 1363 344 auxilia.

530 366 699 407 Fortiter
725 370 767 407 et
793 367 936 407 ferrum
964 381 1089 409 soevos
1116 369 1304 421 patiemur
1330 374 1373 412 et
1399 372 1520 425 ignes,

599 433 659 474 Sit
684 435 794 474 modo
822 435 986 484 libertas,
1016 448 1104 488 quae
1131 437 1230 477 velit
1256 438 1326 486 ira,
1354 439 1469 492 loqui.

527 502 646 542 Ferte
672 516 743 554 per
770 505 964 544 extremas
989 506 1128 554 gentes
1157 506 1197 545 et
1222 505 1322 546 ferta
1350 519 1419 558 per
1445 508 1583 560 undas,

411 569 477 609 30.
592 568 680 612 Qua
707 581 788 609 ιιοιι
815 570 895 610 ulla
922 583 1051 610 meum
1077 571 1224 611 femina
1251 572 1355 612 norit
1381 574 1466 614 iter.

526 637 607 678 Vos
634 640 837 687 remanete,
867 638 1004 690 quibus
1031 638 1135 698 facili
1163 640 1258 679 deus
1286 642 1427 681 annuit
1454 656 1559 693 aure,

594 705 688 746 Sitis
717 707 759 746 e't
777 705 827 745 in
853 706 940 745 tir-to
970 719 1120 757 semper
1147 713 1274 747 amore
1301 701 1440 760 pares.

523 773 574 811 In
602 785 664 811 me
691 775 821 812 nostra
847 773 983 812 Venus
1012 777 1144 818 noctes
1172 778 1333 814 exercet
1359 789 1521 825 amaras,

591 840 646 879 Et
672 839 780 880 nullo
808 853 953 880 vacuus
979 826 1158 892 tempore·
1177 841 1270 882 defit
1297 855 1412 883 amor.

352 922 361 934 ³
406 906 471 947 35.
514 905 610 957 Hoc,
638 920 786 957 moneo,
815 907 938 948 vitate
964 908 1125 947 malum!
1154 907 1233 948 Sua
1262 922 1453 963 quemque
1480 914 1650 952 moretur

589 975 700 1024 Cura,
729 989 859 1029 neque
887 980 1039 1016 assueto
1065 979 1189 1017 mutet
1215 990 1341 1017 amore
1369 978 1506 1019 locum.

520 1042 631 1086 Quod
658 1043 690 1083 si
721 1043 808 1097 quis
835 1039 989 1083 monitis
1017 1044 1146 1083 tardas
1174 1044 1384 1084 adverterit
1411 1059 1535 1095 aures,

588 1111 678 1150 Heu
705 1111 843 1151 referet
871 1114 1017 1162 quanto
1046 1112 1163 1152 verba
1191 1112 1317 1151 dolore
1345 1113 1448 1153 mea!

1023 1357 1095 1405 11.
1916 1367 1953 1406 ·ῑΙ

457 1500 459 1502 Ι
486 1439 488 1442 ’
517 1444 618 1489 Quid
642 1447 757 1498 juvat
785 1447 920 1486 ornato
947 1446 1161 1506 precedere,
1191 1445 1282 1494 vita,
1312 1446 1444 1498 capillo

582 1513 637 1575 Et
664 1517 801 1555 tenues
828 1513 905 1554 'Coa
932 1518 1040 1554 veste
1069 1526 1220 1558 movere
1248 1514 1379 1553 sinus?

521 1579 603 1622 Aut
612 1578 725 1635 quid
753 1583 908 1621 orontea
937 1581 1061 1621 crines
1089 1581 1321 1632 perfundere
1348 1583 1515 1634 myrrha,

581 1630 713 1702 Teque
741 1643 954 1699 peregrffiis
983 1640 1152 1688 vendere
1179 1648 1415 1697 muneribus,

424 1715 461 1755 5.
504 1715 741 1775 Naturoeque
770 1714 886 1755 decus
915 1716 1078 1753 mercato
1106 1715 1266 1765 perdere
1295 1711 1411 1763 cultu,

580 1777 664 1833 Nec
691 1782 813 1821 sinere
839 1783 883 1821 in
911 1775 1078 1832 propriis
1096 1783 1267 1821 membra
1294 1782 1416 1821 nitere
1444 1781 1577 1822 bonis?
1789 1768 1792 1771 .
1915 1797 1953 1832 '‘e'‘

511 1847 631 1905 Crede
659 1848 764 1897 mihi,
794 1861 872 1887 non
903 1844 983 1887 ulla
1010 1851 1102 1887 tuae
1132 1851 1193 1887 est
1220 1848 1410 1888 medicina
1437 1849 1592 1900 figurae.
1889 1892 1893 1897 Ι
1922 1846 1953 1902 ἐξ

564 1902 717 1955 Nudus
746 1918 866 1954 Amor
892 1916 1022 1954 formae
1051 1929 1130 1954 non
1160 1920 1266 1954 amat
1293 1915 1492 1956 artificem.
1898 1911 1953 1970 *ἢ

508 1982 651 2036 Aspice
681 1995 777 2035 quos
806 1970 1013 2022 summittit
1039 1982 1182 2020 humus
1210 1983 1372 2022 formosa
1399 1983 1554 2031 colores,
1872 1971 1875 1974 ⁵
1902 1957 1953 2045 ,ἐξ

391 2051 456 2089 10.
571 2050 628 2090 Ut
655 2050 817 2092 veniant
845 2050 995 2088 hederae
1024 2053 1160 2100 sponte
1190 2047 1260 2088 sua
1287 2050 1435 2099 melius,
1505 2056 1507 2065 '
1902 2040 1953 2107 Ι.·’

504 2118 648 2168 Surget
674 2120 717 2157 et
742 2117 786 2156 in
815 2116 903 2156 solis
930 2117 1130 2156 formosius
1159 2118 1318 2156 arbutus
1345 2118 1478 2166 antris,
1865 2167 1874 2176 Ι
1894 2113 1953 2166 λ.

571 2185 625 2224 Et
653 2185 750 2224 sciat
777 2184 960 2224 indociles
989 2184 1138 2224 currere
1165 2184 1325 2235 lympha
1352 2184 1448 2225 vias.
1775 2181 1777 2184 ⁴
1852 2229 1853 2232 Ἴ
1887 2200 1953 2250 ³³⁵}

500 2250 633 2300 Litora
661 2250 805 2291 nativis
833 2250 1022 2291 collucent
1049 2251 1151 2302 picta
1178 2251 1326 2302 lapillis,
1907 2243 1953 2308 f·

567 2319 623 2358 Et
650 2318 826 2358 volucres
854 2309 961 2357 uulla
989 2319 1137 2358 dulcius
1165 2323 1246 2358 arte
1274 2321 1433 2358 canunt.
1855 2313 1953 2411 ἒ

385 2386 450 2425 15.
493 2386 583 2447 Non
611 2385 666 2426 sic
694 2384 897 2437 Leucippis
926 2386 1124 2425 succendit
1151 2386 1311 2425 Castora
1338 2382 1935 2432 Phoebe,

566 2452 762 2492 Pollucem
791 2451 899 2492 cultu
927 2465 1008 2491 non
1036 2452 1187 2492 Hilaira
1215 2465 1330 2501 soror,

496 2520 536 2558 N
537 2532 601 2567 on
629 2520 712 2559 Idae
739 2523 780 2558 et
808 2519 945 2570 cupido
974 2520 1169 2571 quondam
1197 2519 1383 2559 discordia
1411 2517 1581 2564 Phoebo,

565 2586 691 2648 Ejgeni
719 2585 853 2639 patriis
881 2585 961 2626 filia
988 2585 1169 2634 litoribus,

494 2655 576 2694 Nec
603 2644 816 2708 Phrygium
842 2655 939 2694 falso
967 2655 1088 2694 traxit
1116 2654 1278 2693 candore
1304 2652 1484 2693 maritum

378 2721 444 2760 20.
558 2722 708 2779 Avecta
736 2722 910 2773 externis
938 2721 1194 2773 Hippodamia
1220 2721 1313 2760 rotis
1320 2735 1330 2769 3

494 2787 571 2827 Sed
598 2781 713 2828 facies
741 2789 877 2828 aderat
904 2789 1016 2828 nullis
1046 2789 1214 2829 obnoxia
1241 2787 1411 2839 gemmis,
