1953 2999
1029 78 1084 121 32
1092 110 1094 112 ,

311 184 431 236 ωιοὶ-
455 194 562 233 ovezi>
591 192 726 240 minae,
763 192 879 233 ruine
914 204 1116 243 aquarum,
1150 191 1358 241 ,qv-andini·
1383 192 1479 249 tel..
1496 193 1656 240 ¹>habere
1680 207 1795 251 posse

313 263 435 301 solum
462 260 660 300 ruinarum
688 259 919 299 vocabulum
942 258 1093 298 credere
1121 258 1190 297 vix
1217 258 1396 349 equidem
1421 259 1609 299 animum.
1613 261 1796 306 induem

309 342 477 380 possum.

310 464 459 513 incipit.

423 530 471 569 V.
504 530 568 568 12.
625 529 748 574 elevet,
777 526 904 565 irritas
932 525 1057 565 faciat.

399 597 701 636 .Vv.13-16
731 595 825 633 satis
854 596 1030 644 praebent
1048 594 1291 633 difficultatis.
1349 594 1427 633 Alii
1456 594 1558 634 enim
1586 596 1681 634 tales
1686 596 1740 646 (i
1760 610 1794 636 e.
1814 565 1816 568 >

310 630 445 716 quales
489 676 595 702 nunc
637 667 745 700 sunt:
790 661 994 711 procellosi,
1036 661 1301 710 adversantes)
1345 662 1534 700 subsidere
1570 662 1715 711 legunt,
1742 664 1796 704 ai.

310 732 461 772 malunt
489 731 560 769 tiaza·
588 730 654 769 sub
681 729 825 775 sidem
853 727 900 768 al.
930 742 1011 768 cum
1040 727 1094 778 (v.
1127 727 1207 778 14),
1237 727 1284 768 al.
1314 729 1438 780 quein
1475 728 1523 768 al.
1553 731 1715 778 auferet,
1745 729 1794 770 al.

310 797 490 843 aufero&
517 797 564 834 al.
592 795 759 846 deniqne
783 796 975 842 patiatur,
1004 795 1052 831 al.
1077 796 1250 842 patietur
1278 808 1316 832 v.
1340 796 1505 842 patieris
1533 809 1570 833 v.
1587 797 1814 848 patienter„

310 869 486 914 Longum
524 869 585 903 est
633 864 760 902 omnia
807 863 939 901 ordine
987 877 1191 902 recensere.
1250 860 1377 905 Quare
1415 866 1459 903 ut
1497 861 1793 914 Herlzbergium

310 933 427 975 adeas
455 931 606 971 suadeo.
665 930 802 982 Neque
841 935 972 968 tamen
1007 930 1088 979 ejus
1115 929 1401 980 interpretandi
1427 930 1561 968 modus
1583 931 1681 968 satis
1699 931 1793 968 mihi

309 1003 501 1051 probatur.
542 999 653 1040 Quod
678 999 780 1036 enim
800 999 893 1036 dicit
911 998 1231 1047 promptissimam
1249 998 1335 1036 fieri
1360 999 1589 1037 sententiam
1608 999 1792 1048 legendo:

310 1068 382 1108 tali
408 1065 474 1107 sub
501 1067 635 1114 sidere,
666 1077 761 1104 cave
790 1078 840 1103 ne
869 1064 908 1102 id
937 1064 1176 1103 artificiosius
1203 1064 1491 1116 abstrusiusque
1520 1078 1636 1116 quam
1649 1065 1792 1104 -verius

306 1137 467 1175 dicatur.
540 1134 767 1182 Legendum
820 1133 975 1182 conjicio
1027 1133 1221 1171 succedere
1271 1134 1351 1171 eod.
1396 1135 1475 1172 fere
1517 1146 1652 1171 sensu>
1673 1138 1792 1184 atque

309 1202 462 1248 exoriri.
520 1200 633 1242 Quod
660 1213 751 1239 vero
779 1200 980 1239 contendit
1008 1201 1168 1238 verbum
1196 1200 1336 1245 infesta
1370 1201 1408 1239 h.
1438 1201 1462 1238 l.
1492 1213 1610 1239 sensu
1637 1200 1792 1250 passivo

245 1299 247 1301 »
306 1283 393 1310 esse
432 1269 706 1319 accipiendum,
745 1267 857 1306 valde
895 1267 1022 1305 miror.
1080 1266 1183 1308 Quid
1228 1269 1383 1306 tandem
1413 1268 1497 1307 vult
1524 1268 1636 1306 illud:
1666 1268 1792 1307 invisa

305 1349 425 1376 manu
466 1336 631 1388 aliquem
674 1334 833 1373 vocare?
882 1334 990 1373 Licet
1028 1335 1129 1373 enim
1169 1335 1316 1373 nullum
1354 1335 1506 1373 omnino
1544 1335 1632 1374 irati
1670 1334 1790 1373 animi

304 1404 507 1453 vestigium
544 1404 584 1441 in
624 1404 695 1441 hoc
731 1403 897 1441 carmine
926 1403 1020 1441 insit
1038 1423 1094 1430 --
1113 1415 1239 1453 neque
1268 1403 1307 1440 id
1337 1403 1485 1449 mirum,
1515 1403 1693 1454 quoniam
1721 1405 1789 1443 ad—

304 1472 381 1510 huc
409 1477 537 1520 sperat
564 1474 678 1520 poeta
705 1470 798 1515 fore,
828 1472 873 1507 ut
901 1470 1075 1519 precibus
1103 1470 1181 1507 suis
1203 1474 1386 1508 commota
1405 1470 1572 1520 Cynthia
1589 1475 1790 1509 remaneat

304 1559 372 1586 —-,
409 1537 665 1588 proficiscenti
705 1537 738 1574 si
777 1537 892 1574 simul
930 1537 1108 1577 infestam
1147 1537 1170 1574 i.
1201 1550 1235 1575 e.
1265 1537 1466 1576 minaciter
1493 1538 1681 1576 sublatam
1709 1551 1790 1577 ma-

304 1619 397 1644 num
424 1605 711 1644 intentaturum
736 1617 777 1642 se
799 1604 913 1642 simul
933 1605 1099 1654 puellam
1120 1604 1305 1642 crudelem
1324 1609 1548 1643 vocaturum
1568 1605 1789 1652 denuntiet,

301 1674 395 1726 qnid
422 1676 495 1720 est,
525 1673 629 1724 quod
657 1671 856 1710 miremur?
1404 1675 1406 1678 “

342 1760 355 1765 ··
413 1740 461 1779 V.
509 1742 573 1779 14.
630 1753 711 1778 cum
752 1740 789 1778 i..
829 1754 865 1792 q.
904 1729 978 1792 quo
1016 1739 1201 1792 (quibus).
1239 1739 1315 1786 tibi,
1356 1740 1433 1777 dat.
1473 1741 1673 1788 commodi,
1718 1741 1786 1794 qui

301 1811 473 1847 vocatur.
506 1813 714 1856 provectas
748 1813 855 1845 rates
889 1808 915 1845 i.
944 1820 976 1845 e.
1004 1820 1054 1845 ex
1083 1810 1194 1857 portu
1222 1820 1410 1856 egressam
1439 1821 1591 1846 navem.
1621 1812 1784 1857 auferet,

300 1875 494 1914 inultum
522 1876 717 1925 provehet·

413 1943 462 1981 V.
493 1943 558 1981 15.
611 1941 784 1990 patietur
811 1941 836 1979 i.
866 1942 946 1980 fere
974 1955 1011 1993 q.
1040 1945 1160 1991 coget.

413 2010 461 2048 V.
504 2011 569 2047 19.
627 2010 751 2047 Locus
789 2009 1026 2047 dificillimus.
1091 2009 1298 2057 vulgatum
1327 2010 1441 2048 huius
1469 2023 1603 2049 versus
1633 2010 1784 2060 legendi

299 2077 457 2116 modum
484 2089 639 2126 prorsus
668 2076 915 2115 reiiciendum
943 2082 1047 2127 puto,
1106 2074 1231 2117 Quem
1260 2089 1377 2129 quum
1408 2077 1508 2116 tueri
1537 2081 1698 2116 conatus
1725 2082 1785 2116 est

298 2143 459 2182 Hertzb.
488 2157 634 2193 parum,
665 2144 812 2193 opinor,
842 2144 1066 2193 proprietati
1086 2144 1215 2183 serviit
1234 2142 1344 2182 latini
1373 2146 1570 2184 sermonis.
1628 2145 1784 2184 Etenim

298 2211 399 2250 nihil
426 2212 581 2251 omnino
611 2211 659 2251 ad
690 2224 770 2250 rem
798 2224 884 2264 quae
913 2212 962 2250 ad
992 2212 1226 2250 sententiam
1257 2225 1373 2250 suam·
1399 2211 1624 2252 firmandam
1645 2212 1783 2251 adiun-

297 2279 356 2328 git
394 2279 580 2329 exempla.
637 2279 757 2318 Recte
795 2279 913 2327 igitur
949 2279 1139 2329 interpres
1177 2281 1362 2328 francog.:
1407 2281 1576 2326 „Vitiare
1610 2281 1783 2330 linguam

297 2359 376 2391 eos,
414 2347 479 2397 qui
518 2352 713 2395 praevecta
755 2346 933 2385 vocativo
977 2359 1066 2385 casu
1104 2347 1266 2397 positum
1306 2348 1545 2386 contendunt
1579 2361 1672 2394 esse,
1703 2352 1783 2386 tam

297 2413 397 2452 clare
435 2414 569 2464 liquet,
609 2418 654 2451 ut
681 2414 855 2452 rationes
884 2414 1007 2452 omitti
1036 2414 1193 2464 possint,
1226 2428 1312 2466 quae
1341 2415 1416 2453 tale
1446 2428 1566 2464 genus
1594 2416 1783 2464 interpre·
1820 2426 1825 2430 ·

296 2481 450 2520 tationis
493 2479 710 2521 evertant.“
769 2482 907 2534 Neque
950 2485 1083 2520 tamen
1125 2482 1243 2520 multo
1285 2483 1517 2532 probabilius
1561 2488 1630 2530 est,
1675 2481 1780 2534 quod

294 2548 377 2598 ipse
414 2552 568 2587 auctore
597 2549 847 2587 Lachmanno
876 2550 1070 2598 proponit:
1106 2550 1198 2587 vites
1226 2563 1295 2599 pro
1324 2556 1364 2588 ut
1393 2557 1438 2589 te.
1496 2551 1596 2588 Nam
1624 2553 1779 2599 praeter·

297 2628 414 2667 quam
439 2618 541 2667 quod
561 2616 616 2655 ita
635 2616 835 2663 obiectum,
856 2618 962 2668 quod
981 2625 1131 2664 vocant,
1153 2617 1359 2667 accipiendi
1379 2619 1495 2656 verbo
1514 2616 1644 2663 deerit,
1664 2614 1779 2653 nimis

295 2683 411 2723 etiam
455 2684 718 2723 redundanter
756 2685 908 2724 dicitur:
956 2685 1049 2723 vites
1079 2691 1285 2734 proevecta.
1344 2686 1439 2735 Legi
1481 2688 1628 2735 potest:
1667 2688 1708 2721 ut
1745 2687 1781 2720 te

291 2757 523 2801 proevectam
543 2753 662 2802 sacili
690 2752 981 2791 Acroceraunia
1010 2766 1123 2793 remo,
1181 2754 1317 2805 Neque
1345 2758 1472 2792 tamen
1502 2765 1571 2802 pro
1600 2755 1702 2790 certo
1721 2749 1780 2788 af-

426 395 473 434 V.
504 395 571 433 10.
640 393 823 443 Veryilioe,
854 353 1040 439 Pleiades,
1069 392 1206 444 quibus
1235 392 1447 430 orientibus
1477 399 1589 432 aestas
1615 395 1658 433 in
1682 395 1807 436 Italia.

1945 436 1953 457 ἱ
