1953 2999
989 47 1114 156 ’,ι-9-

398 208 465 250 25.
508 206 733 260 Omniaque
751 205 904 258 ingrato
926 205 1452 260 immaniinmanu-ms,
1559 232 1575 242 2
1601 229 1631 238 -κ

514 308 516 311 .
562 275 752 315 ..lunera
779 274 829 314 de
855 285 975 325 pmno
1001 273 1392 325 ιωμνοΙιιὲακάω.
1406 273 1452 310 ‘'⁴-

435 349 442 355 ‘
515 342 570 381 Et
598 341 892 395 quoa-nanto
921 341 1035 380 duxti
1062 341 1223 392 suspiria
1247 344 1368 390 motu,

583 407 776 459 Obstupui
803 420 908 449 vano
922 401 1115 447 >credulus
1142 407 1324 461 auspicio,

514 477 576 517 Ne
605 488 685 529 qua
713 475 784 515 tibi
810 475 983 514 insolitos
1010 475 1321 526 portarentvisa
1345 476 1514 525 timores,

401 546 466 586 30.
579 544 689 584 Neve
715 543 803 595 quis
830 542 995 582 invitam
1022 545 1176 592 cogeret
1203 555 1288 583 esse
1315 556 1446 592 susm5

515 611 652 650 Donec
679 610 852 650 diversas
878 621 1111 660 percurrens*
1133 609 1230 649 luna
1253 609 1452 659 femtras,
1472 646 1474 649 .

583 678 698 718 Luna
724 677 930 718 moraturis
957 677 1093 717 sedula
1119 677 1339 725 luminibus,

516 745 754 796 compositos
781 744 932 784 levibus
960 743 1077 783 radiis
1104 745 1284 794 patefecit
1311 745 1459 784 ocellos.

584 812 649 851 Sic
675 813 742 860 ait,
771 813 812 851 in
841 812 943 851 molli
971 812 1054 851 fixa
1081 814 1163 852 toro
1191 812 1377 852 cubitum:

399 881 466 921 35.
509 880 708 933 „Tandem
735 883 776 918 te
804 883 936 919 nostro
963 881 1133 918 referens
1160 879 1302 918 iniuria
1327 879 1425 918 lecto

583 946 753 986 Alterius
782 946 917 986 clausis
945 947 1093 998 expulit
1122 959 1144 986 e
1172 945 1342 985 foribus?

516 1015 692 1067 Namque
721 1014 786 1052 ubi
814 1014 927 1063 longa
954 1026 1051 1053 meae
1080 1013 1315 1064 consumpsti
1343 1018 1513 1064 tempora
1540 1013 1682 1062 noctis,

584 1081 810 1130 Languidus
843 1081 1001 1127 exactis,
1031 1081 1093 1119 hei
1120 1081 1226 1128 mihi,
1256 1080 1462 1119 sideribus?

519 1148 551 1187 Ο
581 1148 731 1187 utinam
759 1148 855 1187 tales
884 1148 1081 1198 perducas,
1111 1148 1293 1198 improbe,
1322 1151 1467 1196 noctes,

400 1217 468 1255 40.
580 1217 647 1254 Me
675 1216 850 1254 miseram
878 1215 1013 1266 quales
1042 1228 1189 1264 semper
1213 1216 1358 1254 habere
1387 1215 1522 1254 iubeat

517 1283 619 1322 Nam
646 1283 759 1322 modo
786 1295 975 1334 purpureo
1003 1282 1183 1322 fallebam
1211 1282 1373 1322 stamine
1403 1295 1590 1331 somnum,

586 1351 733 1389 Rursus
761 1355 803 1389 et
831 1351 993 1401 Orpheae
1023 1350 1200 1398 carmine,
1229 1351 1344 1398 fessa,
1372 1350 1484 1401 lyrae;

517 1418 718 1458 Interdum
746 1417 882 1458 leviter
908 1430 1058 1457 meeum
1086 1418 1234 1457 deserta
1263 1418 1450 1471 querebar

585 1485 763 1524 Externo
792 1485 925 1535 longas
954 1498 1059 1535 saepe
1087 1485 1128 1523 in
1158 1497 1283 1524 amore
1312 1498 1447 1533 moras,

399 1553 467 1593 45.
510 1553 614 1592 Dum
641 1565 703 1592 me
729 1553 909 1602 jucundis
939 1552 1086 1603 lapsam
1115 1565 1223 1602 sopor
1250 1552 1401 1603 impulit
1427 1552 1514 1592 alis:

585 1620 660 1659 Illa
687 1619 763 1658 fuit
790 1620 956 1659 lacrimis
984 1620 1122 1659 ultima
1150 1632 1241 1659 cura
1268 1620 1396 1659 meis.“

1016 1812 1103 1859 1v.

522 1888 624 1931 Quid
653 1889 747 1928 mihi
776 1892 854 1929 tam
882 1889 1022 1929 multas
1052 1890 1256 1937 laudando,
1287 1890 1417 1938 Basse,
1447 1889 1591 1940 puellas

586 1956 781 1994 Mutatum
810 1957 963 1995 domina
990 1957 1090 2006 cogis
1120 1957 1224 1996 abire
1252 1956 1359 1995 mea?

519 2022 622 2065 Quid
650 2035 710 2062 me
738 2036 816 2062 non
845 2023 987 2073 pateris
1014 2024 1108 2063 vitae
1137 2024 1404 2077 quodcumque
1432 2027 1623 2076 sequetur

585 2090 671 2130 Hoc
698 2090 817 2140 magis
845 2093 994 2129 assueto
1021 2091 1159 2131 ducere
1188 2091 1372 2131 servitio?

365 2186 368 2187 ν
432 2160 470 2200 5.
513 2159 573 2199 'l'u
600 2158 691 2198 licet
718 2157 901 2208 Antiopae
929 2159 1087 2198 formam
1116 2160 1327 2211 Nycteidos
1354 2163 1395 2198 et
1422 2162 1467 2198 tu

585 2225 786 2277 Spartanae
814 2226 956 2264 referes
986 2226 1164 2265 laudibus
1193 2227 1425 2275 Hermionae,

517 2294 573 2333 Et
600 2306 862 2346 quascumque
892 2294 983 2332 tulit
1010 2294 1166 2334 formosi
1193 2295 1379 2345 temporis
1410 2295 1523 2333 aetas:

585 2360 756 2412 Cynthia
785 2372 863 2399 non
891 2360 975 2399 illas
1004 2373 1147 2400 nomen
1175 2363 1318 2401 habere
1347 2362 1458 2409 siuet,

515 2428 669 2468 Nedum
697 2428 730 2467 si
757 2427 906 2468 levibus
934 2428 1054 2467 fuerit
1081 2429 1217 2470 collata
1244 2429 1386 2480 figuris,

404 2497 468 2535 10.
584 2495 750 2534 Inferior
777 2496 873 2534 duro
902 2495 1025 2535 iudice
1053 2497 1177 2547 turpis
1205 2501 1278 2536 eat.

519 2563 621 2603 Hoec
649 2564 718 2602 sed
745 2563 868 2603 forma
895 2563 971 2602 mei
999 2577 1087 2614 pars
1116 2567 1179 2603 est
1206 2567 1379 2603 extrema
1404 2563 1558 2603 furoris:

584 2630 687 2669 Sunt
709 2631 862 2678 maiora,
892 2630 1040 2683 quibus,
1073 2632 1206 2679 Basse,
1235 2632 1359 2682 perire
1387 2631 1516 2671 iuvat:

517 2698 721 2748 Ingenuus
749 2698 849 2737 color
877 2702 915 2737 et
943 2699 1076 2738 multis
1106 2700 1223 2739 decus
1250 2700 1396 2738 artibus
1424 2701 1465 2737 et
1494 2708 1579 2749 quae

586 2764 739 2804 Gaudia
766 2766 839 2805 sub
870 2766 986 2806 tacita
1015 2766 1150 2807 ducere
1177 2770 1288 2807 veste
1315 2767 1425 2806 libet:
