1953 2999
543 705 739 760 Sexti
771 704 1055 758 Aurelii
1089 705 1443 775 Propertii

817 845 1156 937 Elegiarum

761 1021 942 1071 Liber
975 1021 1229 1083 primus.

950 1144 1011 1192 -··1.

449 1234 620 1287 Cynthia
647 1234 770 1285 prima
798 1233 878 1274 suis
906 1232 1085 1272 miserum
1111 1245 1172 1271 me
1200 1233 1302 1284 cepit
1329 1234 1465 1284 ocellis,

517 1302 745 1341 contactum
774 1301 890 1339 nullis
919 1304 1012 1338 ante
1041 1300 1293 1350 cupidinibus.

447 1367 547 1412 Tum
575 1367 678 1412 mihi„
699 1367 910 1424 constantis
938 1366 1073 1418 deiecit
1100 1367 1244 1406 lumina
1271 1368 1396 1423 fastus
1468 1416 1472 1419 ¹

511 1431 568 1475 Et
593 1429 714 1487 caput
736 1434 927 1486 'impositis
955 1425 1095 1485 pressit
1122 1436 1248 1474 Amor·
1264 1425 1445 1486 pedibus.

358 1503 395 1543 5.
439 1503 574 1542 Donec
602 1516 664 1542 me
692 1502 822 1542 docuit
850 1505 973 1542 castas
1000 1502 1127 1541 odisse
1155 1501 1300 1553 puellas

514 1569 719 1620 Improbus
746 1573 788 1609 et
815 1568 920 1608 nullo
947 1568 1078 1608 vivere
1107 1569 1268 1608 consilio
1275 1583 1286 1617 ;

447 1636 502 1676 Et
528 1637 626 1675 mihi
654 1637 731 1676 iam
761 1639 844 1676 toto
872 1636 982 1674 furor
1009 1635 1072 1674 hic
1100 1648 1178 1675 non
1206 1635 1336 1676 deficit
1364 1651 1478 1687 anno,

513 1702 610 1743 Cum
637 1707 768 1743 tamen
797 1704 983 1743 adversos
1012 1715 1123 1753 cogor
1150 1702 1291 1743 habere
1320 1704 1421 1744 deos.

443 1771 632 1810 Milanion
661 1770 784 1810 nullos
812 1770 1008 1820 fugiendo,
1039 1769 1159 1818 Tulle,
1183 1770 1329 1810 labores

326 1839 390 1879 10.
519 1837 720 1878 Saevitiam
748 1839 853 1877 duroe
882 1836 1057 1877 contudit
1083 1837 1246 1877 Iasidos.

440 1906 543 1946 Nam
571 1906 680 1944 modo
709 1906 930 1945 Partheniis
957 1917 1086 1944 amens
1114 1907 1264 1944 errabat
1291 1905 1335 1944 in
1363 1907 1501 1955 antris,

507 1972 600 2012 Ibat
626 1975 666 2012 et
694 1971 861 2012 hirsutas
890 1971 953 2010 ille
980 1971 1112 2010 videre
1142 1972 1260 2021 feras3

438 2039 516 2079 Ille
545 2037 664 2078 etiam
692 2038 821 2090 Hylaei
849 2051 1053 2089 percussus
1081 2039 1244 2079 vulnere
1272 2040 1367 2079 rami

508 2105 671 2145 Saucius
699 2105 877 2145 Arcadiis
903 2106 1060 2157 rupibus
1087 2105 1285 2157 ingemuit.

321 2175 386 2214 15.
428 2174 531 2224 Ergo
564 2173 732 2214 velocem
759 2173 887 2223 potuit
915 2173 1100 2212 domuisse
1128 2173 1309 2223 puellam:

504 2240 674 2280 Tantum
701 2240 741 2279 in
774 2253 901 2280 amore
930 2253 1061 2292 preces
1089 2244 1130 2282 et
1156 2241 1357 2281 benefacta
1383 2240 1525 2281 valent.

436 2309 488 2347 In
515 2321 577 2347 me
605 2308 740 2348 tardus
775 2309 890 2347 Amor
920 2321 999 2347 non
1027 2309 1125 2347 ullas
1155 2309 1298 2359 cogitat
1325 2313 1429 2348 artes

504 2376 585 2416 Nec
612 2375 783 2415 miminit
810 2378 930 2424 notas,
959 2379 1006 2415 ut
1032 2376 1150 2427 prius,
1179 2376 1234 2416 ire
1263 2376 1357 2417 vias.

435 2444 492 2482 At
519 2456 603 2490 vos,
634 2443 810 2483 deductae
838 2443 978 2495 quibus
1009 2447 1070 2488 est
1097 2444 1249 2485 fallacia
1275 2444 1379 2483 lunae

317 2511 383 2551 20.
498 2510 552 2550 Et
579 2509 685 2549 labor
709 2510 752 2548 in
779 2509 937 2562 magicis
964 2523 1071 2550 sacra
1097 2511 1202 2562 piare
1229 2511 1331 2558 focis,

433 2577 498 2616 En
525 2576 688 2628 agedum
712 2576 880 2617 dominae
906 2580 1075 2616 mentem
1103 2578 1317 2618 convertite
1347 2579 1492 2615 nostrae

499 2644 554 2683 Et
580 2644 696 2684 facite
724 2644 791 2684 illa
819 2657 901 2683 meo
928 2644 1068 2695 palleat
1096 2657 1162 2684 ore
1190 2645 1323 2695 magis.

430 2712 540 2753 Tunc
567 2725 638 2764 ego
665 2712 890 2753 crediderim
915 2712 1022 2753 vobis
1050 2715 1089 2753 et
1117 2712 1240 2752 sidera
1268 2715 1309 2752 et
1336 2722 1468 2751 amnes

497 2780 614 2820 Posse
642 2779 825 2832 Cytaines
855 2781 991 2820 ducere
1019 2781 1260 2821 carminibus.
