1953 2999
945 76 1006 118 18

922 132 1035 141 -—--——

351 191 398 229 V.
428 191 466 229 2.
517 203 661 240 paren,-
682 190 904 237 wooninncti
943 191 1065 237 021.
1107 192 1152 236 1,
1161 190 1262 237 432
1267 193 1528 242 ‚smnphora
1553 194 1604 235 ab
1630 195 1720 251 iugo

217 256 412 302 ,dueta‘
421 259 580 300 Hertzb.
620 275 621 279 =

321 327 398 367 V
430 327 468 368 7’.
520 329 679 374 wuda,
709 326 770 374 „si
797 325 934 366 collata
950 338 1049 365 oum
1076 325 1161 365 istis
1187 322 1346 364 ἒιιεῑίίῑ.“
1372 326 1626 369 1nt.1‹7r.--
1672 338 1684 358 ’-

350 394 399 433 V.
430 394 467 432 8.
524 395 602 440 tibi,
631 394 785 433 dativus
812 394 975 441 ethicus,
1004 394 1073 444 qui
1105 397 1273 434 vocatur.

351 461 399 500 V.
431 462 496 500 10.
553 459 765 512 quantah.
794 460 820 499 l.
848 460 873 499 i.
903 473 941 512 q.
970 465 1075 512 quot.

233 545 236 548 ·
285 559 287 563 .
311 547 312 550 =
351 529 400 566 V.
431 530 500 566 121.
553 528 741 566 Somnum
752 528 838 566 -tibi
863 528 1001 577 eripiet
1027 527 1234 578 oculosque
1258 531 1347 566 tuos
1373 498 1429 566 ita
1447 530 1657 578 occupabit,
1676 533 1723 570 ut

237 594 339 635 nihil
366 595 521 634 omnino
550 594 627 633 nisi
654 607 738 634 eam
764 593 887 645 ipsam
913 594 1102 645 inspicere
1121 594 1202 635 tibi
1228 594 1352 642 liceat,
1379 594 1428 637 cf.
1452 594 1488 642 I,
1501 595 1547 643 9,
1568 596 1633 644 27,
1643 597 1721 639 -28,

230 664 310 711 JV,
342 664 378 710 1,
411 663 504 709 143,
529 663 630 701 144.
688 662 824 702 Oculos
851 675 986 711 capere
1015 675 1053 701 v.
1082 674 1218 711 rapere
1244 663 1349 713 apud
1368 666 1509 712 -poetas
1538 675 1641 713 saepe
1667 665 1723 701 di-

238 730 340 770 citur
365 731 500 769 eodem
527 729 607 768 fere
636 742 752 768 sensu
779 732 898 781 atque
925 742 1088 769 amorem
1117 729 1228 769 alicui
1255 729 1421 777 iniicere,
1449 730 1499 769 cf.
1529 729 1564 777 I,
1594 730 1631 778 9,
1657 730 1722 771 15.

238 798 295 846 Π,
340 798 407 845 30,
448 798 512 836 10.
550 796 621 836 Ov.
652 796 804 837 Heroid.
833 797 890 844 ΙΙ,
922 798 986 845 19,
1018 798 1083 836 19.
1141 797 1244 836 Satis
1271 797 1476 847 probabilis
1504 801 1634 837 tamen
1661 801 1723 837 ost

234 866 355 907 mim
369 865 595 905 Burmanni
622 864 903 915 interpretatio:
936 865 1079 912 „stabit
1107 878 1258 915 sempor
1284 865 1354 904 tibi
1379 868 1472 906 ante
1489 864 1629 912 oculos,
1649 878 1723 905 nec

239 937 280 973 te
320 933 527 985 relinquet,
571 932 653 971 sive
689 946 864 971 somnum
902 935 1043 982 captes,
1083 946 1150 972 seu
1182 933 1328 983 vigiles,
1357 933 1496 972 sueth.:
1526 933 1722 972 driimmon

240 1001 339 1041 skall
367 1005 406 1040 te
434 1002 584 1040 hennes
612 1000 710 1047 bild;
738 1001 799 1039 for
827 1001 901 1040 ditt
928 1005 1000 1051 oga
1027 1002 1106 1040 hon
1135 1001 1306 1050 standigt
1334 1001 1435 1040 skall
1457 1001 1610 1042 sviifva.

311 1083 313 1087 ¹
353 1069 401 1106 V.
432 1069 497 1106 14.
556 1068 730 1117 singultu,
759 1068 875 1106 ablat.
904 1080 1038 1106 causae.

352 1136 401 1175 V.
433 1137 498 1175 16.
555 1136 660 1174 ducet
688 1141 841 1174 notam.-
873 1135 1012 1183 „timor
1039 1136 1249 1175 confundet
1276 1138 1316 1174 et
1334 1134 1586 1187 distorquebit
1604 1133 1724 1174 linea·

233 1204 372 1242 monta
399 1202 548 1242 faeiei.“-
580 1202 743 1240 Hertzb.

268 1300 270 1303 -
352 1269 402 1310 V.
432 1271 498 1310 20.
556 1271 746 1309 &clusum
774 1269 884 1309 abire
912 1270 1060 1308 domum
1089 1270 1189 1309 idem
1218 1270 1298 1310 fere
1326 1274 1384 1311 est
1412 1270 1511 1322 qvod
1529 1268 1725 1309 exclusum

240 1339 346 1379 abite
375 1352 413 1378 v.
443 1337 608 1376 excludi.

355 1406 402 1444 V.
433 1406 500 1444 26.
557 1418 702 1453 rumor,
733 1405 780 1444 cf.
811 1404 864 1452 11,
896 1406 961 1452 21,
994 1406 1030 1443 7.

810 1684 1021 1746 Elegia
1064 1686 1165 1734 vl.

784 1797 1014 1847 Propertius,
1045 1811 1163 1849 quum
1191 1811 1217 1837 a
1244 1797 1354 1836 Tullo
1380 1800 1482 1837 esset
1499 1802 1663 1847 rogatus,
1684 1801 1728 1837 ut

717 1878 845 1905 secum
873 1866 1049 1904 Athenas
1077 1865 1200 1903 adiret
1228 1862 1443 1917 Asiamque,
1472 1866 1620 1904 nullum
1649 1879 1727 1904 om-

716 1932 809 1971 nino
837 1933 1043 1984 respondet
1070 1945 1153 1972 esse
1172 1932 1307 1981 locum,
1326 1935 1375 1973 ad
1395 1946 1508 1985 quem
1528 1946 1614 1972 cnm
1633 1933 1727 1972 ami-

717 2013 760 2038 co
803 2001 858 2038 ire
900 2006 1083 2049 vereatur
1126 2001 1206 2050 (vv.
1245 2001 1382 2050 1—4).
1438 2002 1494 2039 At
1522 2002 1655 2040 Romae
1683 2014 1727 2039 se

716 2067 884 2115 retineri,
926 2067 1102 2118 precibus
1135 2067 1278 2118 puollae
1313 2068 1552 2121 lacrimisque
1580 2068 1725 2108 victum

718 2135 901 2185 (5-18).
959 2135 1086 2177 Quare
1117 2136 1291 2184 amicum,
1320 2149 1445 2175 amore
1475 2150 1650 2184 vacuum,
1681 2138 1727 2175 ut

714 2203 828 2241 rebus
861 2203 1040 2253 praeclare
1069 2204 1248 2252 gerendis
1276 2217 1389 2254 quam
1418 2205 1622 2242 maximam
1653 2203 1725 2242 sibi

679 2312 681 2315 ,
715 2271 870 2318 laudem
897 2272 1081 2323 acquirat,
1111 2272 1297 2319 hortatur,
1316 2272 1442 2322 ipsum
1461 2285 1564 2320 vero,
1584 2271 1726 2323 quippe

716 2338 784 2389 qm‘
812 2338 919 2376 laudi
946 2351 1025 2376 non
1054 2339 1106 2387 sit
1130 2343 1258 2386 natus,
1285 2339 1436 2376 Amoris
1454 2340 1630 2377 militiam
1647 2339 1727 2376 fac-

714 2405 829 2445 titare
856 2405 962 2444 sinat
991 2405 1203 2455 (19—30),
1231 2405 1342 2445 amici
1363 2406 1432 2453 sui,
1453 2405 1635 2456 gravibus
1654 2416 1727 2454 pu·

715 2473 799 2512 011ae
826 2473 990 2513 vinculis
1017 2473 1223 2521 constricti,
1253 2486 1329 2522 non
1351 2474 1492 2513 oblitus
1514 2470 1726 2521 (31—36).

647 2552 857 2602 Eleganter
882 2553 1153 2601 Hertzbergius
1173 2553 1244 2591 hoc
1262 2565 1414 2591 carmen
1433 2551 1604 2601 disponit
1621 2550 1726 2587 hunc

513 2619 568 2657 in
580 2620 756 2658 modum:
787 2620 1018 2667 „Exordiof‘
1050 2620 1157 2667 dicit,
1189 2620 1238 2666 „i.
1267 2633 1302 2658 e.

426 2714 444 2730 v.
511 2698 604 2738 στρ.»
625 2682 675 2723 ά..
685 2686 767 2735 (vv.
791 2689 865 2724 1—
872 2687 918 2736 4)
931 2687 1092 2726 amicitas
1106 2688 1242 2727 suavis
1254 2687 1409 2727 testatio
1422 2685 1650 2728 continetur,
1665 2681 1725 2719 cui

514 2748 688 2806 ἀντιστρ.
711 2749 749 2792 ά.
771 2753 1208 2805 (5—10)'opponuntur
1225 2754 1393 2794 firmiora
1404 2751 1544 2793 amoris
1559 2747 1727 2795 vincula,

1738 117 1775 172 ’ἐξ
1817 126 1911 179 ᾏε-’Ᾱ
