1953 2999
919 80 987 153 33⁴

77 204 108 281 Ξ
122 219 181 273 ξ
195 194 446 277 <ffatim
469 233 525 272 ita
559 207 716 283 protana
754 226 946 283 scripsisse
990 212 1241 276 Propertium.
1308 225 1437 268 Quum
1475 237 1570 265 vero
1603 237 1687 265 mn·

85 303 131 356 ‘ig
166 284 365 354 tandum
393 300 539 353 aliquid
566 295 676 345 esset,
705 308 782 349 quo
810 293 901 345 mihi
930 293 971 333 in
999 297 1165 334 mentem
1195 293 1303 335 venit
1331 293 1443 334 modo
1471 293 1631 335 mutavi.

315 370 363 409 V.
395 370 460 408 19.
510 369 705 417 praevecta
731 363 755 401 i.
785 374 819 400 e.
848 364 1109 412 praetervecta.

316 438 362 476 V.
394 437 459 475 20.
521 434 669 480 Oricos,
697 432 833 482 portus
860 429 982 481 Epiri.

317 505 362 544 V.
393 504 459 542 21.
515 514 594 541 non
620 500 705 538 ulloe
732 497 849 546 toedoe,
879 497 973 536 nulli
1002 497 1066 536 alii
1095 510 1133 537 v.
1162 497 1256 538 novi
1284 509 1445 536 amores.

316 573 388 612 Vv.
425 572 489 619 21,
524 570 589 609 22.
646 565 922 616 Hertzbergius
951 565 1199 605 Lachmanno
1228 565 1443 605 assentiens
1481 564 1688 605 affirmanti

203 639 319 679 verba
356 651 463 701 9¹⁴⁰}
500 623 579 676 nisi
608 634 739 675 addito
766 633 954 674 adiectivo
983 633 1192 685 absurdum
1224 647 1317 682 esse,
1348 646 1444 672 vera
1472 645 1540 684 pro
1567 634 1688 674 verba

204 708 376 748 inserens
403 704 464 746 ita‘
485 696 599 744 huius
625 701 697 743 loci
726 701 957 743 sententiam
984 701 1277 754 interpretatur:
1311 700 1562 751 „sententia,“
1577 701 1686 749 dicit,

205 834 339 883 faciam
367 845 408 881 et
434 844 526 881 ante
555 842 643 879 tuas
671 837 772 878 fores
802 835 863 888 (ut
891 836 988 878 solet
1015 836 1186 889 improba
1205 834 1335 887 turba)
1354 834 1488 891 iniqua
1506 836 1682 891 (ψει-αι’*

206 909 294 962 quin
332 921 426 948 vera
463 918 605 959 querar
641 905 665 944 i.
695 917 728 944 e.
760 904 855 959 quin
883 899 974 945 vera
1001 908 1152 944 tantum
1181 917 1318 958 querar
1346 917 1384 944 v.
1415 905 1509 958 quin
1537 917 1583 944 ea
1601 909 1687 945 tan·

206 983 288 1017 tum
331 990 479 1029 querar,
521 988 608 1027 quae
641 986 733 1014 vera
761 973 849 1013 sint.
910 972 1007 1016 Quae
1036 973 1299 1024 interpretatio
1327 987 1419 1013 vera
1447 973 1498 1014 sit
1524 973 1685 1033 falsane,

207 1044 311 1084 haud
339 1043 536 1094 ambigam.
594 1043 764 1093 Accepta
793 1046 922 1080 tamen
950 1055 996 1081 ea
1024 1054 1158 1093 parum
1186 1046 1276 1092 apte
1296 1042 1486 1081 cohaerere
1505 1041 1687 1082 videntur

205 1113 245 1151 hi
287 1125 422 1152 versus
466 1124 543 1150 non
585 1111 713 1149 minus
756 1124 841 1149 eum
881 1111 1185 1161 praecedentibus
1226 1124 1340 1163 quam
1378 1110 1684 1162 insequentibus:

205 1179 300 1219 felix
329 1179 399 1219 tibi
428 1180 522 1219 dent
551 1178 687 1229 placidi
717 1178 770 1216 dii
798 1178 879 1227 iter,
910 1191 998 1218 nam
1030 1178 1128 1217 nihil
1159 1179 1206 1217 de
1235 1181 1275 1217 te
1296 1178 1374 1217 nisi
1392 1190 1527 1218 verum
1545 1190 1687 1233 quem

206 1260 278 1286 nec
316 1261 376 1286 me
415 1246 564 1285 deficiet
599 1249 638 1284 et
674 1260 711 1298 q.
750 1260 779 1285 ε.
837 1246 976 1299 Itaque
1016 1246 1223 1297 legendum
1260 1246 1419 1289 coniicio
1448 1246 1588 1286 acerba
1615 1259 1685 1299 pro

204 1328 300 1354 vera
328 1328 365 1354 v.
394 1314 529 1354 verba.-
556 1315 654 1353 Nam
685 1327 744 1352 me
773 1315 796 1353 i.
825 1328 858 1354 e.
886 1328 946 1354 me
974 1315 1131 1368 quidem
1153 1315 1272 1365 (hvad
1293 1314 1369 1366 mig
1387 1314 1586 1365 betriiffar)
1606 1328 1684 1355 non

205 1382 293 1421 1111ae
322 1386 560 1432 corrumpent
588 1383 709 1430 taedae,
739 1383 833 1434 quin
863 1386 928 1422 tuo
955 1383 1088 1422 limine
1118 1382 1252 1433 (etiam
1280 1388 1319 1422 te
1345 1383 1524 1433 absente)
1545 1384 1683 1424 acerba

205 1449 229 1488 i.
258 1463 289 1489 e.
320 1451 472 1489 acerbas
500 1449 660 1488 iniurias
688 1463 711 1489 a
739 1453 779 1488 te
806 1449 898 1489 mihi
926 1450 1048 1490 illatas
1076 1464 1223 1503 querar.

318 1517 364 1555 V.
397 1517 460 1556 22.
518 1517 672 1556 Lachm.
702 1517 853 1556 coniicit
869 1517 959 1569 fida
989 1531 1058 1568 pro
1086 1519 1179 1566 vita,
1210 1531 1296 1570 quae
1325 1519 1484 1559 mutatio
1513 1519 1683 1560 luculen-

206 1587 283 1622 tam
312 1583 437 1622 reddit
464 1584 705 1624 sententiam.

316 1651 362 1690 V.
394 1652 457 1690 23.
515 1653 649 1691 citatos
690 1654 758 1692 aut
790 1653 928 1693 celeres
968 1657 1035 1693 aut
1073 1654 1290 1705 appellatos.
1348 1669 1416 1694 nec
1452 1670 1509 1695 me
1546 1657 1686 1710 deficiet

205 1719 376 1768 rogitare
403 1719 427 1757 i.
457 1733 489 1758 e.
519 1734 591 1759 nec
618 1722 779 1771 rogitare
807 1723 1098 1772 proetermittam
1126 1736 1163 1762 v.
1194 1724 1376 1763 desinam.

318 1786 363 1824 V.
394 1787 459 1825 25.
516 1789 636 1827 dicam
679 1790 705 1828 i.
749 1803 782 1829 e.
820 1803 888 1841 pro
922 1794 1024 1829 certo
1062 1790 1264 1839 affirmabo,
1300 1792 1443 1831 iurabo.
1512 1795 1684 1842 atraciis,

195 1850 434 1901 -thesealicis;
463 1855 589 1894 Atrax
617 1857 716 1896 enim
747 1859 836 1897 urbs
866 1864 951 1908 erat
979 1857 1198 1898 Thessaliae.

315 1920 402 1959 Vsa.
444 1922 509 1970 25,
547 1924 612 1962 26.
677 1925 786 1964 Licet
823 1929 867 1965 tu
904 1926 1087 1976 praesenti
1126 1930 1293 1977 tempore
1331 1928 1476 1978 perfida
1513 1929 1576 1977 sis,
1614 1943 1683 1979 ego

203 1999 292 2025 vero
329 2001 431 2037 spem
467 2003 544 2028 non
581 1991 752 2031 abiiciam
791 1994 874 2032 fore
911 1998 966 2041 nt,
1001 1995 1196 2033 constanti
1232 2009 1315 2033 meo
1346 2009 1470 2034 amore
1499 1997 1613 2044 victa,
1643 1997 1683 2036 in

204 2053 421 2105 amplexum
448 2069 574 2096 meum
602 2060 816 2101 revertaris.

316 2122 362 2161 V.
394 2124 458 2162 27.
516 2134 758 2177 rumpantur,
788 2129 912 2169 dolore
940 2133 982 2169 et
1008 2130 1167 2169 invidia.

314 2190 360 2229 V.
391 2192 456 2231 35.
515 2194 792 2247 Hippodamia,
822 2211 859 2238 v.
889 2198 923 2248 1,
955 2199 991 2247 2,
1023 2199 1088 2238 20.

315 2257 361 2296 V.
391 2260 456 2297 36.
514 2263 628 2311 equale,
669 2265 903 2318 „Olympicis
942 2267 1211 2319 quadrigarum
1240 2268 1512 2306 certaminibus
1537 2274 1577 2308 et
1605 2282 1680 2308 om·

203 2324 262 2363 nis
288 2323 444 2365 Graecioe
470 2329 519 2367 ad
546 2329 657 2370 ludos
685 2332 779 2373 istos
805 2331 1016 2375 concursu“
1047 2335 1127 2375 Int.
1156 2335 1324 2386 franeog.
