1953 2999
1049 119 1130 164 <⁷24

341 213 361 251 μ’·
386 233 421 276 ‘s‘
462 212 532 279 'V.
552 237 631 280 3²45
650 231 817 279 φάσκω
837 239 945 291 ‘affl‘
960 241 1072 278 ambr
1101 234 1309 296 (πρόληψις
1325 242 1369 277 et
1386 235 1653 296 &duay-AT
1639 257 1666 283 ι.
1694 257 1728 284 ο.
1746 244 1839 284 mihi

356 291 457 348 &ent
484 309 600 357 amor,
618 308 685 348 ita
712 315 757 347 ut
784 320 830 347 eo
858 318 1013 346 vacuus·
1029 306 1112 346 ἑίιιι.
1172 306 1228 345 At
1254 319 1402 346 vacuus
1427 308 1542 346 amo‘r
1561 310 1605 349 h.
1628 310 1653 350 1.
1678 311 1842 352 fort-'nb

356 377 459 415 idem
475 380 546 431 eat
572 380 689 428 atque
717 374 831 424 amor,
860 376 920 415 cui
949 388 1028 414 non
1055 375 1318 425 respondetur.

381 436 385 443 ’
415 452 417 455 ·
473 423 520 482 V.
551 444 617 482 36.
675 456 770 481 cura
799 443 813 481 i
842 455 876 481 e.
903 439 1043 492 pnella,
1072 451 1158 493 quoe
1185 440 1319 481 curam
1335 454 1373 481 v.
1393 454 1556 480 amorem
1574 441 1695 484 iniicit
1712 445 1839 486 alicui.

935 662 1145 728 megia
1188 667 1265 715 11.

737 779 855 818 Poeta
891 782 1029 826 noster,
1070 779 1250 830 Cynthiae
1277 792 1443 818 amorem
1471 779 1547 818 iam
1574 780 1746 830 adeptus,
1775 781 1836 820 ni·

622 847 699 885 mia
731 846 885 897 pnellae‘
905 846 1161 885 ostentatione
1188 846 1404 896 vituperata
1431 850 1545 897 atque
1573 847 1836 887 venditatione

623 914 703 962 (vv.
736 913 861 961 1—6)
891 913 1076 963 exemplis
1105 914 1214 952 docet
1241 918 1282 952 et
1309 927 1332 951 a
1360 917 1501 952 natura
1528 916 1567 951 et
1590 915 1639 952 ab
1668 914 1837 965 antiqni-

621 984 701 1020 tate
742 980 872 1030 petitis
908 982 1039 1019 fucum
1073 980 1338 1032 lenociniaque
1375 993 1455 1031 proe
1483 979 1645 1030 simplici
1673 981 1838 1020 veritate

621 1048 774 1086 mullius
817 1048 971 1086 omnino
1012 1060 1096 1086 esse
1139 1048 1254 1097 pretii
1296 1047 1479 1096 (7—24).
1543 1047 1670 1088 Quare
1707 1053 1834 1097 sperat

619 1116 711 1163 fore,
739 1118 785 1153 nt
812 1114 1029 1166 cynthiam,
1060 1115 1178 1165 ipsius
1206 1128 1330 1154 amore
1360 1118 1581 1154 contentam
1608 1119 1834 1167 naturoeque

621 1186 737 1234 atque
782 1183 936 1221 deorum
977 1183 1211 1230 muneribus,
1250 1183 1366 1221 luxus
1400 1184 1542 1222 taedeat
1568 1183 1831 1235 vanitatisque

624 1249 836 1299 (25—32).

466 1316 512 1355 V.
548 1318 583 1356 1.
642 1316 733 1364 vita,
764 1317 988 1356 vocabulum
1018 1317 1191 1356 amatorii
1219 1317 1401 1356 sermonis
1428 1316 1786 1369 frequentissimum,
1805 1317 1833 1356 i.

350 1397 390 1435 q.
418 1386 475 1433 tu,
504 1397 593 1435 quae
621 1384 740 1423 vitam
770 1385 864 1422 mihi
893 1386 971 1423 das.

385 1442 403 1452 ⁸
463 1451 511 1500 V.
543 1452 581 1490 2.
644 1450 726 1491 Coa
763 1458 881 1490 veste.-
915 1452 988 1491 abl.
1027 1464 1095 1503 pro
1124 1452 1242 1501 genit.
1273 1452 1321 1491 cf.
1350 1451 1385 1499 I,
1415 1453 1452 1499 4,
1485 1453 1548 1490 13.
1578 1452 1635 1499 II,
1668 1453 1732 1500 13,
1763 1452 1829 1491 23.

347 1519 414 1565 32,
447 1519 512 1557 13.
542 1519 608 1565 34,
639 1519 705 1556 91.

461 1585 536 1624 Vv.
579 1588 602 1623 1
633 1588 674 1624 et
703 1586 727 1623 2
756 1585 849 1636 ipsis
878 1585 938 1624 hia
966 1586 1094 1625 verbis
1122 1586 1316 1624 iterantur
1344 1586 1414 1632 IV,
1446 1586 1483 1633 5,
1514 1586 1578 1633 55,
1609 1586 1674 1625 56.

458 1652 508 1690 V.
538 1653 576 1691 3.
637 1652 810 1691 Orontea
838 1653 862 1690 i.
892 1666 925 1691 e.
956 1653 1122 1703 Syriaca.

458 1719 508 1759 V.
538 1721 577 1758 4.
635 1725 670 1757 te‘
697 1720 857 1758 vendere
884 1720 907 1758 i.
938 1733 971 1758 e.
1001 1725 1040 1758 te
1070 1717 1264 1758 ostentare
1292 1733 1329 1760 v.
1360 1719 1637 1766 commendare,
1663 1719 1712 1758 cf.
1732 1718 1829 1758 Hor.

342 1786 416 1839 Ep.
447 1775 506 1836 Π,
538 1789 574 1835 1,
606 1787 672 1835 75,
700 1786 775 1826 cio.
804 1789 887 1827 Att.
916 1787 1039 1835 xm,
1072 1789 1135 1835 12,
1166 1788 1203 1825 2.

338 1858 340 1860 ’
458 1855 507 1894 V.
538 1855 576 1894 8.
625 1848 772 1904 sormae
814 1855 1007 1907 artificem,
1051 1869 1149 1903 eum,
1192 1854 1260 1907 qui
1302 1855 1490 1905 propriam
1528 1868 1636 1894 suam
1670 1855 1828 1894 formam

340 1927 431 1963 arto
459 1923 633 1962 adiuvat.

456 1990 506 2030 V.
538 1991 576 2029 9.
600 2000 608 2003 ’
633 1989 835 2036 summittit,
878 1989 998 2029 intell.
1036 1995 1170 2039 sponte
1203 2002 1275 2028 sua
1302 1989 1539 2042 insequentis
1567 2002 1712 2028 versus.
1739 1991 1828 2034 for·

339 2048 460 2106 mosa,
491 2059 532 2097 h.
562 2057 588 2097 l.
617 2057 798 2108 pulchrae
826 2058 966 2096 formas
995 2057 1181 2104 efficiens,
1211 2058 1259 2096 cf.
1288 2057 1321 2104 Ι,
1351 2059 1389 2104 4,
1421 2059 1457 2096 7.
1634 2061 1636 2065 '

451 2125 526 2165 Vv.
559 2126 711 2164 9—11.
768 2124 957 2163 summittit
984 2145 1041 2152 —
1068 2124 1224 2163 veniant
1256 2145 1314 2152 —-
1336 2130 1473 2175 mryat
1490 2146 1547 2152 —
1564 2125 1675 2163 sciat:
1692 2124 1826 2164 eadem

336 2193 471 2234 modos
504 2194 710 2233 verborum
740 2193 981 2243 permutandi
1010 2193 1156 2231 ratione
1184 2192 1310 2230 utitur
1338 2193 1450 2242 Prop.
1479 2193 1535 2239 ΙΙ,
1568 2193 1632 2240 16,
1663 2193 1729 2239 29,
1757 2192 1823 2231 30.

337 2262 405 2310 34,
436 2261 620 2310 34—37.
650 2259 730 2308 ΙΙΙ,
761 2261 798 2307 5,
829 2261 1004 2308 26-46,
1024 2259 1188 2311 'saepius.
1219 2259 1274 2298 cf.
1304 2260 1398 2299 Hor.
1430 2260 1498 2299 od.
1528 2260 1561 2309 Ι,
1593 2260 1630 2298 8.

448 2314 496 2368 V.
535 2329 598 2367 10.
656 2329 796 2374 melius,
824 2327 944 2366 intell.
974 2341 1085 2378 quam
1114 2335 1210 2365 arte.

453 2396 501 2435 V.
535 2399 599 2436 11.
657 2396 698 2435 in
726 2395 750 2434 i.
780 2408 812 2434 e.
841 2395 963 2443 iuxta,
992 2395 1039 2435 cf.
1069 2395 1103 2442 I,
1134 2396 1171 2443 3,
1203 2392 1241 2434 6.

450 2463 498 2501 V.
530 2464 595 2502 12.
656 2463 847 2513 indociles,
876 2475 991 2500 sensu
1014 2462 1176 2512 passivo,
1196 2462 1221 2500 i.
1242 2475 1279 2514 q.
1300 2475 1396 2513 quaa
1415 2474 1564 2500 currere
1582 2474 1660 2499 non
1680 2460 1824 2499 didicit.

447 2530 495 2569 V.
529 2531 593 2569 13.
625 2575 628 2579 .
655 2528 852 2569 collucent:
880 2529 1037 2569 Hertzb.
1060 2531 1281 2580 praelucent,
1311 2530 1443 2568 eodem
1471 2529 1550 2568 fere
1578 2541 1707 2568 sensu.

407 2598 410 2600 ’
447 2592 506 2637 V.
529 2598 594 2636 1'4.
653 2599 758 2635 nulla
786 2601 883 2645 arte,
912 2596 986 2635 abl.
1016 2597 1106 2635 aba:
1137 2597 1170 2635 si
1200 2597 1308 2636 nulla
1337 2609 1398 2635 ars
1427 2597 1547 2637 adest.

1898 83 1926 108 *ι
1891 9 1926 68 ἰἷέἶ

444 2666 491 2706 .V.
530 2666 594 2706 15.
653 2665 868 2717 Leucippis,
908 2665 1071 2721 Phoebe,
1106 2665 1293 2716 Leucippi
1322 2656 1575 2715 Peloponnesi
1604 2662 1704 2713 regia
1732 2661 1824 2701 filia.
1875 2681 1879 2683 *

330 2725 424 2772 Non
468 2728 536 2781 εἰσ,
584 2745 664 2772 non
708 2732 792 2771 istic
835 2732 991 2780 artibus,
1031 2744 1108 2770 non
1146 2733 1262 2770 rebus
1296 2724 1378 2771 arte
1405 2731 1560 2782 petitis,-
1578 2732 1647 2800 ced
1674 2727 1826 2803 propria

330 2814 400 2840 ma
426 2801 562 2840 forma.
