1953 2999
857 652 1292 741 ‘nommant-mi.

922 816 1133 883 Elegia
1165 817 1224 870 1.

714 918 944 968 Propertius,
974 918 1143 956 nondum
1172 918 1291 957 amori
1320 917 1480 966 deditus,
1497 913 1590 979 'nisi-
1616 898 1720 971 qu'o'd
1742 912 1815 959 vi³x

602 987 752 1024 mutata
779 988 868 1034 toga
896 998 920 1024 a
948 985 1133 1039 Lycinna,
1164 984 1344 1040 Cynthiae
1371 984 1496 1035 ipsius·
1520 997 1629 1024 serva
1649 985 1714 1034 (cf.
1733 986 1814 1036 111,

605 1053 669 1100 15,
699 1051 796 1102 43.),
825 1051 939 1091 sacris
968 1051 1126 1091 Veneris
1155 1057 1236 1091 erat
1263 1051 1438 1091 initiatus
1469 1051 1533 1102 (ef.
1562 1052 1622 1091 El.
1647 1052 1726 1101 111,
1749 1053 1813 1093 15,
1846 1084 1864 1104 3

603 1120 669 1169 6.),
701 1120 908 1171 Cynthiam
937 1120 1068 1159 misere
1096 1132 1222 1160 amare
1251 1121 1433 1170 coeperat.
1491 1121 1547 1158 At
1574 1120 1641 1158 illa
1659 1120 1725 1159 diu
1743 1121 1814 1159 du·

602 1200 684 1226 ram
726 1201 766 1226 se
807 1189 1000 1237 praebebat
1039 1191 1156 1239 atque
1196 1187 1382 1226 adversus
1416 1200 1544 1225 omnes
1571 1189 1653 1237 ejus
1682 1199 1814 1238 preces

602 1267 757 1305 prorsus
775 1255 1014 1293 obstinatam.
1056 1254 1119 1292 Ita
1138 1267 1207 1304 per
1225 1267 1369 1293 annum
1387 1254 1571 1293 frustrata
1589 1257 1673 1293 erat
1691 1257 1814 1305 poetoe

603 1321 726 1360 nostri
765 1334 942 1368 amorem,
972 1322 1092 1359 donec
1120 1321 1196 1368 ille,
1225 1321 1522 1370 flagrantissima
1550 1321 1722 1369 libidine,
1750 1322 1814 1361 cui

602 1402 682 1427 non
717 1392 801 1428 erat
829 1389 1079 1437 satisfactum,
1109 1402 1303 1435 accensus,
1331 1392 1455 1428 castas
1484 1388 1638 1428 omnino
1665 1388 1812 1440 puellas

602 1455 727 1494 odisse
771 1456 904 1495 didicit
942 1456 1022 1505 (vv.
1055 1455 1190 1505 1—8).
1249 1455 1376 1497 Quare
1406 1457 1454 1494 ab
1483 1458 1634 1504 Amore,
1663 1456 1728 1507 qui
1755 1459 1813 1495 ta·

601 1536 691 1561 men
721 1523 812 1561 alios
839 1524 977 1562 multos
1006 1524 1217 1572 adjuverat,
1240 1524 1458 1571 destitutus,
1478 1537 1598 1575 quum
1616 1535 1813 1573 magorum

599 1593 700 1628 artes
733 1589 1063 1641 venificarumque
1099 1591 1241 1628 frustra
1269 1591 1503 1637 advocasset,
1534 1589 1738 1628 amicorum
1766 1590 1812 1628 fi-

601 1658 688 1695 dem
715 1657 912 1706 implorare
941 1660 1104 1704 coactus,
1133 1657 1217 1695 illos
1245 1662 1339 1704 orat,
1367 1660 1414 1695 ut
1432 1657 1597 1695 remedia
1616 1657 1688 1696 sibi
1708 1669 1812 1708 quoe-

601 1726 692 1762 rant
733 1723 797 1762 vel
839 1724 1091 1771 acerbissima,
1134 1724 1272 1776 quibus
1315 1724 1444 1762 sanari
1477 1723 1625 1774 possint
1652 1723 1814 1762 vulnera

601 1791 772 1840 pectoris.
845 1792 908 1829 Ad
945 1791 985 1829 id
1023 1792 1305 1842 assequendum
1341 1804 1420 1829 non
1448 1795 1609 1839 recusat,
1638 1791 1733 1842 quin
1762 1791 1813 1830 ad

602 1861 796 1896 extremas
838 1858 939 1897 orbis
979 1862 1165 1897 terrarum
1193 1862 1321 1909 partes
1349 1858 1567 1897 exsulatum
1595 1862 1657 1898 eat
1685 1857 1748 1908 (cf.
1776 1857 1810 1906 I,

603 1924 656 1973 6.)
702 1925 885 1975 (9-30).
956 1927 1045 1965 Illos
1079 1940 1182 1974 vero,
1221 1926 1359 1977 quibus
1388 1926 1576 1976 propitius
1603 1927 1655 1964 sit
1682 1927 1811 1974 Amor,

601 1992 742 2031 iterum
776 2005 821 2031 ac
849 1993 989 2044 saepius
1018 1997 1159 2040 monet,
1190 1995 1234 2031 ut
1261 1993 1384 2044 ipsius
1412 1993 1535 2032 edocti
1564 1993 1684 2041 malis,
1713 2006 1810 2033 sem-

600 2072 668 2111 per
695 2061 799 2110 apud
826 2060 971 2111 puellas
1000 2074 1086 2100 suas
1115 2063 1340 2099 remaneant
1368 2060 1579 2110 (31—38).

443 2126 490 2165 V.
523 2128 559 2166 1.
623 2127 798 2178 Cynthia,
827 2142 877 2166 ex
905 2128 1179 2167 consuetudine
1207 2132 1404 2178 poetarum
1421 2141 1661 2167 romanorum
1679 2127 1811 2167 fictum

331 2205 471 2233 nomen
499 2206 569 2244 pro
596 2193 747 2234 Hostia.

442 2261 491 2299 V.
521 2262 559 2300 3.
616 2262 761 2300 lumina
789 2262 998 2301 constantis
1017 2265 1152 2310 fastus
1183 2262 1379 2311 (liberioris
1407 2275 1499 2301 usus
1526 2261 1688 2312 genitivi
1716 2273 1810 2312 qva·

330 2326 461 2376 litatis,
496 2328 564 2380 qui
601 2328 751 2376 dieitur,
789 2328 1020 2379 exemplum)
1048 2329 1072 2367 i.
1101 2342 1134 2367 e.
1163 2329 1303 2377 oculos,
1331 2329 1400 2381 qui
1428 2335 1546 2368 antea
1573 2330 1811 2367 constantem

332 2395 647 2447 significaverant
674 2397 818 2435 fastum
846 2411 883 2437 v.
912 2396 1179 2446 arrogantiam.

442 2464 491 2502 V.
522 2465 559 2503 7.
608 2467 735 2513 furor
754 2464 813 2503 hic
830 2464 855 2502 i.
869 2477 901 2502 e.
917 2464 1048 2503 furens
1066 2477 1104 2503 v.
1125 2465 1263 2502 ardens
1280 2476 1386 2502 meus
1405 2464 1447 2502 in
1467 2462 1675 2515 cynthiam
1693 2472 1808 2513 amor.

443 2530 490 2569 V.
520 2530 558 2569 8.
616 2532 799 2569 adversos
826 2532 928 2578 deos,
958 2531 1146 2570 Venerem
1173 2533 1290 2582 atque
1319 2531 1508 2569 Amorem.

443 2596 491 2635 V.
522 2598 673 2637 9—18.
730 2598 806 2636 Alii
834 2598 987 2650 quidem
1015 2598 1203 2637 laboribus
1231 2597 1465 2648 perferendis
1493 2600 1535 2635 et
1556 2594 1734 2646 praeclare
1751 2604 1812 2632 re·

330 2665 402 2704 bus
428 2665 545 2715 gestis
571 2665 718 2717 puellas
748 2665 901 2705 domare
930 2667 1154 2716 potuerunt;
1184 2665 1266 2716 ipse
1293 2667 1343 2705 ab
1379 2665 1454 2704 diis
1483 2663 1696 2709 destitutus,
1725 2671 1811 2712 per·

329 2732 548 2773 severantia
576 2745 647 2772 sua
675 2733 774 2772 nihil
801 2733 962 2783 profecit
989 2733 1038 2771 ad
1068 2733 1250 2784 Cynthiae
1279 2732 1458 2772 duritiam
1487 2728 1748 2780 frangendam.

443 2801 491 2839 V.
521 2802 559 2839 9.
617 2802 821 2849 Milanion,
850 2802 964 2841 heros
992 2801 1148 2853 quidam
1176 2800 1380 2840 arcadicus.
